@ARTICLE{gosling_1993,
   author = {{Gosling}, J.~T.},
    title = "{The solar flare myth}",
  journal = {J. Geophys. Res.},
     year = 1993,
    month = nov,
   volume = 98,
    pages = {18937-18950},
      doi = {10.1029/93JA01896},
}
